@inproceedings{Barnes2019CHARIOTTestbed,
  author = {C. M. {Barnes} and K. {Bellman} and J. {Botev} and A. {Diaconescu} and L. {Esterle} and C. {Gruhl} and C. {Landauer} and P. R. {Lewis} and P. R. {Nelson} and A. {Stein} and C. {Stewart} and S. {Tomforde}},
  booktitle = {Proceedings of the IEEE 4th International Workshops on Foundations and Applications of Self* Systems (FAS*W)}, 
  title = {{CHARIOT - Towards a Continuous High-Level Adaptive Runtime Integration Testbed}}, 
  year={2019},
  pages={52-55}
}

@inproceedings{Barnes2019saso, 
	author = {C. M. {Barnes} and A. {Ek\'art} and P. R. {Lewis}}, 
	booktitle = {Proceedings of the IEEE 13th International Conference on 
	Self-Adaptive and Self-Organizing Systems (SASO)}, 
	title = {{Social Action in Socially Situated Agents}},
	year = {2019},
	pages = {97-106}
}

@inproceedings{Barnes2019SISSY, 
	author = {C. M. {Barnes} and L. {Esterle} and J. N. A. {Brown}}, 
	booktitle = {Proceedings of the IEEE 4th International Workshops on Foundations and Applications of Self* Systems (FAS*W)}, 
	title = {{``When you believe in things that you don't understand": the effect of cross-generational habits on self-improving system integration}}, 
	year = {2019}, 
	pages = {28-31}
}

@article{Barnes2020BeyondAgents,
    author = {Chloe M. Barnes and Anikó Ekárt and Peter R. Lewis},
    title = {{Beyond goal-rationality: Traditional action can reduce volatility in socially situated agents}},
    journal = {Future Generation Computer Systems},
    volume = {113},
    pages = {579 -- 596},
    year = {2020},
    issn = {0167-739X},
    doi = {https://doi.org/10.1016/j.future.2020.07.033},
    url = {http://www.sciencedirect.com/science/article/pii/S0167739X20304714}
}

@phdthesis{Barnes2021thesis,
    author = {Chloe M. Barnes},
    title = {Interference and Volatility in Evolutionary Agent-Based Systems},
    year = {2021},
    month = {9},
    school = {Aston University}
}

@inproceedings{Barnes2020CoevolutionaryTasks,
    author = {Chloe M. Barnes and Anik\'o Ek\'art and Kai Olav Ellefsen and Kyrre Glette and Peter R. Lewis and Jim T{\o}rresen},
    title = {{Coevolutionary Learning of Neuromodulated Controllers for Multi-Stage and Gamified Tasks}},
    booktitle = {Proceedings of the IEEE 1st International Conference on Autonomic Computing and Self-Organizing Systems (ACSOS)},
    year = {2020}
}

@book{Cohen1988StatisticalSciences,
    author = {Cohen, Jacob},
    title = {Statistical Power Analysis for the Behavioural Sciences},
    publisher = {Lawrence Erlbaum Associates},
    year = {1988},
    edition = {2nd},
    pages = {75--83}
}

@article{Ghouri2020AAgents,
    author = {Ghouri, Abida and Barnes, Chloe M. and Lewis, Peter R.},
    title = {{A Minimal River Crossing Task to Aid the Explainability of Evolutionary Agents}},
    journal = {Artificial Life Conference Proceedings},
    pages = {36-43},
    year = {2020},
    doi = {10.1162/isal\_a\_00347},
    url = {https://www.mitpressjournals.org/doi/abs/10.1162/isal_a_00347},
    eprint = {https://www.mitpressjournals.org/doi/pdf/10.1162/isal_a_00347}
}
@incollection{Robinson2007NeuroevolutionEnvironments,
    title = {{Neuroevolution of agents capable of reactive and deliberative behaviours in novel and dynamic environments}},
    year = {2007},
    booktitle = {Advances in Artificial Life},
    author = {Robinson, Edward and Ellis, Timothy and Channon, Alastair},
    pages = {1--10},
    publisher = {Springer},
    isbn = {9783540749127},
    doi = {doi:10.1007/978-3-540-74913-4{\_}35},
    issn = {03029743},
    keywords = {active and deliberative systems, artificial life, incremental evolution, neural networks, novel and dynamic environments, re-}
}
